@ARTICLE{bad,
   author = {{Stowell}, D. and {Wood}, M. and {Stylianou}, Y. and {Glotin}, H.
	},
    title = "{Bird detection in audio: a survey and a challenge}",
  journal = {ArXiv e-prints},
archivePrefix = "arXiv",
   eprint = {1608.03417},
 primaryClass = "cs.SD",
 keywords = {Computer Science - Sound},
     year = 2016,
    month = aug,
   adsurl = {http://adsabs.harvard.edu/abs/2016arXiv160803417S},
  adsnote = {Provided by the SAO/NASA Astrophysics Data System}
}

@ARTICLE{soundnet,
   author = {{Aytar}, Y. and {Vondrick}, C. and {Torralba}, A.},
    title = "{SoundNet: Learning Sound Representations from Unlabeled Video}",
  journal = {ArXiv e-prints},
archivePrefix = "arXiv",
   eprint = {1610.09001},
 primaryClass = "cs.CV",
 keywords = {Computer Science - Computer Vision and Pattern Recognition, Computer Science - Learning, Computer Science - Sound},
     year = 2016,
    month = oct,
   adsurl = {http://adsabs.harvard.edu/abs/2016arXiv161009001A},
  adsnote = {Provided by the SAO/NASA Astrophysics Data System}
}

@ARTICLE{residual_net,
   author = {{He}, K. and {Zhang}, X. and {Ren}, S. and {Sun}, J.},
    title = "{Deep Residual Learning for Image Recognition}",
  journal = {ArXiv e-prints},
archivePrefix = "arXiv",
   eprint = {1512.03385},
 primaryClass = "cs.CV",
 keywords = {Computer Science - Computer Vision and Pattern Recognition},
     year = 2015,
    month = dec,
   adsurl = {http://adsabs.harvard.edu/abs/2015arXiv151203385H},
  adsnote = {Provided by the SAO/NASA Astrophysics Data System}
}

@misc{winning_blog,
	author = {Thomas Grill},
	title  = {QMUL Bird Audio Detection Challenge - Winning Submission},
	howpublished =
	{\url{http://grrrr.org/2017/02/04/bird_audio_detection-qmul-2017/}},
	note = {Accessed: 2017-03-18}
}
